<record><leader>00000cas a22000007a 4500</leader><controlfield tag="001">27175570</controlfield><controlfield tag="008">921228d18831uuuwyuir ne      0    0eng d</controlfield><datafield ind1=" " ind2=" " tag="010"><subfield code="a">sn 92067232 </subfield></datafield><datafield ind1=" " ind2=" " tag="040"><subfield code="a">NVO</subfield><subfield code="b">eng</subfield><subfield code="c">NVO</subfield><subfield code="d">OCLCQ</subfield></datafield><datafield ind1=" " ind2=" " tag="042"><subfield code="a">msc</subfield></datafield><datafield ind1="0" ind2=" " tag="130"><subfield code="a">Carbon County journal (Rawlins, Wyo. : 1883)</subfield></datafield><datafield ind1="1" ind2="0" tag="245"><subfield code="a">Carbon County journal.</subfield></datafield><datafield ind1=" " ind2=" " tag="260"><subfield code="a">Rawlins, Wyo. :</subfield><subfield code="b">Rawlins Print. and Pub. Co.</subfield></datafield><datafield ind1=" " ind2=" " tag="300"><subfield code="a">v.</subfield></datafield><datafield ind1=" " ind2=" " tag="310"><subfield code="a">Three times a week</subfield></datafield><datafield ind1=" " ind2=" " tag="580"><subfield code="a">Weekly ed.: Carbon County journal, &lt;Nov. 8, 1879&gt;-&lt;July 27, 1917&gt;.</subfield></datafield><datafield ind1=" " ind2=" " tag="588"><subfield code="a">Description based on: Vol. 1, no. 66 (Dec. 21, 1883).</subfield></datafield><datafield ind1=" " ind2="4" tag="651"><subfield code="a">Carbon County (Wyo.)</subfield><subfield code="v">Newspapers.</subfield></datafield><datafield ind1=" " ind2="4" tag="651"><subfield code="a">Rawlins (Wyo.)</subfield><subfield code="v">Newspapers.</subfield></datafield><datafield ind1=" " ind2=" " tag="752"><subfield code="a">United States</subfield><subfield code="b">Wyoming</subfield><subfield code="c">Carbon</subfield><subfield code="d">Rawlins.</subfield></datafield><datafield ind1="1" ind2=" " tag="775"><subfield code="t">Carbon County journal (Rawlins, Wyo. : 1879)</subfield><subfield code="w">(DLC)sn9206072324</subfield></datafield></record>